<?xml version="1.0" encoding="UTF-8"?><collection xmlns="http://www.loc.gov/MARC21/slim"><record><leader>00350nam--2200133-i-4500</leader><controlfield tag="001">000044039</controlfield><controlfield tag="002">20161230</controlfield><controlfield tag="005">20161230201044</controlfield><controlfield tag="008">060222s1000------------r-----000-0-eng-d</controlfield><datafield ind1=" " ind2=" " tag="100"><subfield code="a">Teodorescu, E.M.C</subfield></datafield><datafield ind1=" " ind2=" " tag="245"><subfield code="a">Opere complete</subfield></datafield><datafield ind1=" " ind2=" " tag="260"><subfield code="a">Bucuresti, Editura Academiei R.P.R., 1951, 476p</subfield></datafield><datafield ind1=" " ind2=" " tag="490"><subfield code="a">Academia Republicii Populare Romane</subfield></datafield><datafield ind1=" " ind2=" " tag="852"><subfield code="a">503</subfield></datafield></record></collection>